@misc{ Test,
       author = "Nobody",
       title = "My Article",
       year = "2042" }
